@article{Jets,
  [break] title={Review of jet reconstruction algorithms},
  [break] volume={645},
  [break] DOI={10.1088/1742-6596/645/1/012008},
  [break] journal={Journal of Physics: Conference Series},
  [break] author={Atkin, Ryan},
  [break] year={2015},
  [break] pages={012008}
}

@book{n-l symmetry,
  [break] place={New Jersey},
  [break] edition={1},
  [break] title={Subatomic physics},
  [break] publisher={World Scientific},
  [break] author={Henley, Ernest M and Garcia, Alejandro},
  [break] year={2012},
  [break] pages={206-211}
}
